@Book{Wikipedia,
  title     = {Wikipedia},
  author    = {http://wikipedia.org/},
  year      = {2012},
  publisher = {Wikipedia},
  address   = {The Internet}
}

@Article{CPMD_01,
author  = {R. Car and M. Parrinello},
title   = "{Unified Approach for Molecular Dynamics and Density-Functional
          Theory}",
journal = {Physical Review Letters},
volume  = {55},
pages   = {2471},
year    = {1985}
}

@Manual{CPMD_02,
author       = {},
title        = "{CPMD (v3.15.1): An \textsl{ab initio} Electronic Structure
               and Molecular Dynamcis Program}",
organization = {The CPMD Consortium},
year         = {2011}
}

@Article{Crystal09_01,
author  = {R. Dovesi and R. Orlando and B. Civalleri and C. Roetti
          and V. R. Saunders and C. M. Zicovich-Wilson},
title   = "{CRYSTAL: A Computational Tool for the Ab Initio Study
          of the Electronic Properties of Crystals}",
journal = {Zieitschrift f\"{u}r Kristallographie},
volume  = {220},
pages   = {571},
year    = {2005}
}

@Manual{Crystal09_02,
author       = {R. Dovesi and V. R. Saunders and C. Roetti and
               R. Orlando and C. M. Zicovich-Wilson and F. Pascale
               and B. Civalleri and K. Doll and N. M. Harrison and
               I. J. Bush and P. D'Arco and M. Llunell},
title        = {CRYSTAL 09 User's Manual},
organization = {University of Torino, Italy},
year         = {2009}
}

@Article{DMOL3_01,
author  = {B. Delley},
title   = "{An All-Electron Numerical Method for Solving the
          Local Density Functional for Polyatomic Molecules}",
journal = {Journal of Chemical Physics},
volume  = {92},
pages   = {508},
year    = {1990}
}

@Article{DMOL3_02,
author  = {B. Delley},
title   = "{Fast Calculation of Electrostatics in Crystals and
          Large Molecules}",
journal = {Journal of Physical Chemistry},
volume  = {100},
pages   = {6107},
year    = {1996}
}

@Book{HPL_01,
author    = {J. J. Dongarra and J. Bunch and C. Moler and G. W. Stewart},
title     = "{LINPACK User's Guide}",
publisher = {Society for Industrial and Applied Mathematics, Philadelphia, PA},
year      = {1979}
}

@Article{HPL_02,
author      = {J. J. Dongarra},
title       = "{LINPACK Working Note 3: Fortran BLAS Timing}",
institution = {Argonne National Laboratory},
journal     = {Argonne National Laboratory Report, ANL-80-24},
year        = {1980}
}

@Article{HPL_DGEMM_01,
author  = {J. J. Dongarra and J. Du Croz and S. Hammarling and R. Hanson},
title   = "{An Extended Set of FORTRAN Basic Linear Algebra Subprograms}",
journal = {Association for Computing Machinery Transactions on 
           Mathematical Software},
volume  = {14},
pages   = {1},
year    = {1988}
}

@Article{HPL_DGEMM_02,
author  = {J. J. Dongarra and J. Du Croz and S. Hammarling and I. S. Duff},
title   = "{A Set of Level 3 Basic Linear Algebra Subprograms}",
journal = {Association for Computing Machinery Transactions on 
           Mathematical Software},
volume  = {16},
pages   = {1},
year    = {1990}
}

@Article{GROMACS4,
author  = {B. Hess and C. Kutzner and D. van der Spoel and E. Lindahl},
title   = "{GROMACS 4: Algorithms for Highly Efficient, Load-Balanced,
          and Scalable Molecular Simulation}",
journal = {Journal of Chemical Theory and Computation},
volume  = {4},
pages   = {235},
year    = {2008}
}

@Article{GULP_01,
author  = {J. D. Gale},
title   = "{GULP - A Computer Program for the Symmetry Adapted
          Simulation of Solids}",
journal = {Journal of Chemical Society, Faraday Transactions},
volume  = {93},
pages   = {629},
year    = {1997}
}

@Article{GULP_02,
author  = {J. D. Gale},
title   = "{Empirical Potential Derivation for Ionic Materials}",
journal = {Philosophical Magazine B},
volume  = {73},
pages   = {3},
year    = {1996}
}

@InProceedings{HYPRE_01,
author    = {R. D. Falgout and U. M. Yang},
title     = "{HYPRE: A Library of High Performance Preconditioners}",
booktitle = {Proceedings of the International Conference on
            Computational Science - Part III},
series    = {ICCS '02},
year      = {2002},
isbn      = {3-540-43594-8},
pages     = {632},
url       = {http://dl.acm.org/citation.cfm?id=645459.653635},
publisher = {Springer-Verlag},
address   = {London, UK}
}

@Article{LAMMPS_01,
author  = {S. J. Plimpton},
title   = "{Fast Parallel Algorithms for Short-Range Molecular Dynamics}",
journal = {Journal of Computational Physics},
volume  = {117},
pages   = {1},
year    = {1995}
}

@Manual{R_01,
author       = "{R Development Core Team}",
title        = "{R: A Language and Environment for Statistical Computing}",
organization = {R Foundation for Statistical Computing},
address      = {Vienna, Austria},
year         = {2011},
url          = {http://www.R-project.org/}
}

@Article{SIESTA_01,
author  = {J. M. Soler and E. Artacho and J. D. Gale and A. Garc\'{i}a
          and J. Junquera and P. Ordej\'{o}n and D. S\'{a}nchez-Portal},
title   = "{The SIESTA Method for Ab Initio Order-N Materials Simulation}",
journal = {Journal of Physics: Condensed Matter},
volume  = {14},
pages   = {2745},
year    = {2002}
}

@Article{SIESTA_02,
author  = {P. Ordej\'{o} and D. A. Drabold and M. P. Grumbach and
          R. M. Martin},
title   = "{Unconstrained Minimization Approach for Electronic
          Computations That Scales Linearly with System Size}",
journal = {Physical Review B},
volume  = {48},
pages   = {14646},
year    = {1993}
}

@Article{SMEAGOL_01,
author  = {I. Rungger and S. Sanvito},
title   = "{Algorithm for the Construction of Self-Energies for Electronic
          Transport Calculations Based on Singularity Elimination and
          Singular Value Decomposition}",
journal = {Physical Review B},
volume  = {78},
pages   = {035407},
year    = {2008}
}

@PhDThesis{SMEAGOL_02,
author  = {A. R. Rocha},
title   = "{Theoretical and Computational Aspects of Electronic
          Transport at the Nanoscale}",
school  = {University of Dublin, Trinity College},
year    = {2007}
}

@Article{VASP_01,
author  = {G. Kresse and J. Hafner},
journal = {Physical Review B},
title   = "{Ab Initio Molecular Dynamics for Liquid Metals}",
volume  = {47},
pages   = {558},
year    = {1993}
}

@Article{VASP_02,
author  = {G. Kresse and J. Hafner},
title   = "{Ab Initio Molecular-Dynamics Simulation of the
          Liquid-Metal-Amorphous-Semiconductor Transition
          in Germanium}",
journal = {Physical Review B},
volume  = {49},
pages   = {14251},
year    = {1994}
}

@Article{MolDen2000,
author  = {G. Schaftenaar and J. H. Noordik},
journal = {Journal of Computer-Aided Molecular Design},
volume  = {14},
pages   = {123},
year    = {2000}
}

@Article{VMD_01,
author  = {W. Humphrey and A. Dalke and K. Schulten},
title   = "{VMD - Visual Molecular Dynamics}",
journal = {Journal of Molecular Graphics},
volume  = {14},
pages   = {33},
year    = {1996}
}

@Article{XCrySDen1999,
author  = {A. Kolkaji},
journal = {Molecular Graphics Modelling},
volume  = {17},
pages   = {176},
year    = {1999}
}

@Book{LAPACK_00,
author    = {E. Anderson and Z. Bai and C. Bischof and
            S. Blackford and J. Demmel and J. J. Dongarra and
            J. Du Croz and A. Greenbaum and S. Hammarling and
            A. McKenney and D. Sorensen},
title     = "{LAPACK Users' Guide}",
edition   = {3},
publisher = {Society for Industrial and Applied Mathematics},
year      = {1999},
address   = {Philadelphia, PA},
isbn      = {0-89871-447-8}
}
 
@InProceedings{FFTW3_00,
author    = {M. Frigo and S. G. Johnson},
title     = "{The Design and Implementation of FFTW3}",
booktitle = {Proceedings of the IEEE},
year      = {2005},
volume    = {93},
pages     = {216}
}
